<?xml version="1.0" encoding="UTF-8"?><collection><record><leader>08160ntm a2200709 a 4500</leader><controlfield tag="001">006832849</controlfield><controlfield tag="003">MiAaHDL</controlfield><controlfield tag="005">20190719000000.0</controlfield><controlfield tag="006">m        d        </controlfield><controlfield tag="007">cr bn ---auaua</controlfield><controlfield tag="008">090629s17uu    xx            00| ||ara d</controlfield><datafield tag="035" ind1=" " ind2=" "><subfield code="a">(MiU)006832849</subfield></datafield><datafield tag="035" ind1=" " ind2=" "><subfield code="a">sdr-miu006832849</subfield></datafield><datafield tag="040" ind1=" " ind2=" "><subfield code="a">MiU</subfield><subfield code="c">MiU</subfield><subfield code="e">amremm</subfield></datafield><datafield tag="043" ind1=" " ind2=" "><subfield code="a">n-us-mi</subfield></datafield><datafield tag="100" ind1="1" ind2=" "><subfield code="6">880-01</subfield><subfield code="a">Ibn Hishām, ʻAbd Allāh ibn Yūsuf,</subfield><subfield code="d">1309-1360.</subfield></datafield><datafield tag="245" ind1="1" ind2="0"><subfield code="6">880-03</subfield><subfield code="a">[Kitāb Mūqid al-adhhān wa-mūqiẓ al-wasnān...etc.,</subfield><subfield code="f">18th century?].</subfield></datafield><datafield tag="246" ind1="3" ind2="8"><subfield code="a">موقد الاذهان</subfield></datafield><datafield tag="246" ind1="3" ind2=" "><subfield code="6">880-04</subfield><subfield code="i">Title of opening work from opening matter on p.4:</subfield><subfield code="a">موقد الاذهان وموقظ الوسنان</subfield></datafield><datafield tag="260" ind1=" " ind2=" "><subfield code="c">[17--?].</subfield></datafield><datafield tag="300" ind1=" " ind2=" "><subfield code="a">40 leaves :</subfield><subfield code="b">paper ;</subfield><subfield code="c">202 x 150 (135-159 x 59-105) mm. bound to 213 x 156 mm.</subfield></datafield><datafield tag="500" ind1=" " ind2=" "><subfield code="a">Shelfmark: Ann Arbor, University of Michigan, Special Collections Library, Isl. Ms. 960</subfield></datafield><datafield tag="500" ind1=" " ind2=" "><subfield code="a">Origin: Lacks dated colophon ; paper and hand suggest 18th century for transcription of opening works ; transcription of final work perhaps late 18th or early 19th century.</subfield></datafield><datafield tag="500" ind1=" " ind2=" "><subfield code="a">Former shelfmark: Mich. Isl. Ms. temp. no. 109</subfield></datafield><datafield tag="500" ind1=" " ind2=" "><subfield code="a">Binding: Boards covered in textured black cloth with black leather over spine (quarter binding) ; pastedowns and flyleaves in wove paper printed with a floral vegetal pattern in pink and green ; resewn in white thread, eight stations ; spine gold-stamped with title and decorative accents over raised bands "موقد الاذهان" ; overall in fairly good condition.</subfield></datafield><datafield tag="500" ind1=" " ind2=" "><subfield code="a">Support: European laid paper of three different types ; opening work on type with 8 laid lines per cm. (vertical), chain lines spaced 25-27 mm. apart, three crescents watermark (perpendicular to the chains, 90 mm. long, and "M" visible in p.2, light cream, burnished to glossy ; next work on a type with 9 laid lines per cm. (vertical), chain lines spaced 22-23 mm. apart, and crown-star-crescent watermark with "[?] B" underneath (see pp.38, 44), burnished, dingier cream color ; final work on a type with 10 laid lines per cm. (horizontal), chain lines spaced 28 mm. apart (vertical), and three crescents watermark (perpendicular to chains, 75 mm. long), fairly rough.</subfield></datafield><datafield tag="500" ind1=" " ind2=" "><subfield code="a">Decoration: Keywords, section headings, and passages of text being commented upon rubricated ; textual dividers in the form of three dots.</subfield></datafield><datafield tag="500" ind1=" " ind2=" "><subfield code="a">Script: Naskh and Sūdānī ; opening work in a distinctive naskh with influence of Maghribī, a clear, spacious hand in a medium line, partially seriffed with right-sloping head-serifs on free-standing alif and initial lām, fairly vertical, quite blocky with rectilinear descenders, some elongation of horizontal strokes, flat strokes preferred to curves, pointing in strokes rather than distinct dots ; second work in naskh, a clear, compact Egyptian hand in a medium line, mainly serifless with slight effect of inclination to the left, and of words descending to baseline, curvilinear descenders, pointing in strokes rather than distinct dots ; final work in Sūdānī script, carefully executed in a bold line, with slight inclination of words to the left and gently sweeping rectilinear descenders.</subfield></datafield><datafield tag="500" ind1=" " ind2=" "><subfield code="a">Layout: Written in 17, 23 and 15 lines per page ; frame-ruled (impression of misṭarah visible in opening work).</subfield></datafield><datafield tag="500" ind1=" " ind2=" "><subfield code="a">Collation: i, V (10), III (16), IV (24), 2 II(32), IV (40), i ; catchwords present ; pagination in pencil, Western numerals, supplied during digitization.</subfield></datafield><datafield tag="500" ind1=" " ind2=" "><subfield code="a">Incipit: [Mūqid al-adhhān] "قال الشيخ الامام العلامة جمال الدين عبد الله بن يوسف بن هشام رحمه الله اما بعد حمد الفاتح عقد الاعوان المانح بالايجاز جاعل علم العربية في العلوم كالطراز فيه تفك مقفلات الالغاز ... وسميته موقد الاذهان وموقظ الوسنان ..." ; [Sharḥ qaṣīdat Muthallath Quṭrub] "قال الفقيه سديد الدين ابو القاسم عبد الوهاب بن الحسن ابن بركات المهلبي نظمت مثلث قطرب في قصيد قلتها ابياتا على حروف المعجم ... يدل كل بيت على شرح ما نظمته من اللعة اشارة واختصارا ..." ; [Ḥujjat al-masʼūl ʻalá ʻilm al-tawḥīd] "قال الفقير الى رحمة ربه ابو بكر بن محمد بن ابي بكر ... فهذه مختصرة جمعتها ترجمة للوتار سميتها حجة المسؤول على علم التوحيد ..."</subfield></datafield><datafield tag="500" ind1=" " ind2=" "><subfield code="a">Title supplied by cataloguer.</subfield></datafield><datafield tag="500" ind1=" " ind2=" "><subfield code="a">Ms. composite codex.</subfield></datafield><datafield tag="505" ind1="0" ind2=" "><subfield code="a">4. p.65-p.80 : Ḥujjat al-masʼūl ʻalá ʻilm al-tawḥīd / Abū Bakr ibn Muḥammad ibn Abī Bakr.</subfield></datafield><datafield tag="505" ind1="0" ind2=" "><subfield code="a">3. p.33-p.64 : Kitāb Sharḥ qaṣīdat Muthallath Quṭrub fil-lughah al-ʻarabīyah /Ibrāhīm al-Lakhmī.</subfield></datafield><datafield tag="505" ind1="0" ind2=" "><subfield code="a">2. p.32 : [blank].</subfield></datafield><datafield tag="505" ind1="0" ind2=" "><subfield code="a">1. p.1-p.31 : Kitāb Mūqid al-adhhān wa-mūqiẓ al-wasnān / ʻAbd Allāh ibn Yūsuf Ibn Hishām.</subfield></datafield><datafield tag="510" ind1="4" ind2=" "><subfield code="a">Walz, T. "The paper trade of Egypt and the Sudan in the eighteenth and nineteenth centuries." In Modernization in the Sudan: essays in honor of Richard Hill. Ed. M.W.Daly, (New York: Lilian Barber, 1985) :</subfield><subfield code="c">29-48</subfield></datafield><datafield tag="510" ind1="4" ind2=" "><subfield code="a">Brockelmann, C. GAL,</subfield><subfield code="c">I 103 ; S I 161 ; S II 15</subfield></datafield><datafield tag="510" ind1="4" ind2=" "><subfield code="a">Brockelmann, C. GAL,</subfield><subfield code="c">II 23</subfield></datafield><datafield tag="520" ind1="8" ind2=" "><subfield code="a">Composite codex opening with two grammatical works, the first Mūqid al-adhhān wa-mūqiẓ al-wasnān of Ibn Hishām (d.1360) and the second an incomplete commentary on the versification by ʻAbd al-Wahhāb ibn al-Ḥasan al-Bahnasī (d.1286 or 7) of the Muthallath, a work by the lexicographer and grammarian Abū ʻAlī Muḥammad ibn al-Mustanīr known as Quṭrub. The codex concludes with Ḥujjat al-masʼūl ʻalá ʻilm al-tawḥīd, a theological work by Abū Bakr ibn Muḥammad ibn Abī Bakr ibn Mālik.</subfield></datafield><datafield tag="538" ind1=" " ind2=" "><subfield code="a">Mode of access: Internet.</subfield></datafield><datafield tag="541" ind1=" " ind2=" "><subfield code="a">Acquired in the Fall of 1950.</subfield></datafield><datafield tag="546" ind1=" " ind2=" "><subfield code="a">Arabic.</subfield></datafield><datafield tag="561" ind1=" " ind2=" "><subfield code="a">On upper pastedown label with ex libris of James Heyworth-Dunne (d.1974), stamped with inventory numbers, "Ex Libris | J. Heyworth-Dunne | D. Lit. (London) | No. 7790 | No. 7791 | No. 7792" ; UM Library inscription on p.3 "Dunning | Heyworth-Dunne | 6-13-51 | 71955" ; former owners' marks on 'title page' of second work (p.33) include octagonal seal impression, ownership statement in name of Muḥammad ibn al-Ḥājj [?] ( محمد بن الحاج ) and partially effaced purchase statement ; occasional glosses and marginal corrections.</subfield></datafield><datafield tag="600" ind1="1" ind2="0"><subfield code="a">Bahnasī, ʻAbd al-Wahhāb ibn al-Ḥasan,</subfield><subfield code="d">d. 1286 or 7.</subfield><subfield code="t">Naẓm Muthallathāt Quṭrub.</subfield></datafield><datafield tag="650" ind1=" " ind2="0"><subfield code="a">Manuscripts, Arabic</subfield><subfield code="z">Michigan</subfield><subfield code="z">Ann Arbor.</subfield></datafield><datafield tag="650" ind1=" " ind2="0"><subfield code="a">Islam</subfield><subfield code="x">Doctrines</subfield><subfield code="v">Early works to 1800.</subfield></datafield><datafield tag="650" ind1=" " ind2="0"><subfield code="a">God</subfield><subfield code="x">Simplicity</subfield><subfield code="v">Early works to 1800.</subfield></datafield><datafield tag="650" ind1=" " ind2="0"><subfield code="a">Arabic language</subfield><subfield code="x">Lexicology</subfield><subfield code="v">Early works to 1800.</subfield></datafield><datafield tag="650" ind1=" " ind2="0"><subfield code="a">Arabic language</subfield><subfield code="x">Grammar</subfield><subfield code="v">Early works to 1800.</subfield></datafield><datafield tag="700" ind1="1" ind2=" "><subfield code="a">Heyworth-Dunne, J.</subfield><subfield code="q">(James),</subfield><subfield code="e">former owner.</subfield></datafield><datafield tag="700" ind1="1" ind2=" "><subfield code="6">880-07</subfield><subfield code="a">Quṭrub, Muḥammad ibn al-Mustanīr,</subfield><subfield code="d">-821 or 822.</subfield><subfield code="t">Muthallath.</subfield></datafield><datafield tag="700" ind1="0" ind2="2"><subfield code="6">880-05</subfield><subfield code="a">Abū Bakr ibn Muḥammad ibn Abī Bakr ibn Mālik.</subfield><subfield code="t">Ḥujjat al-masʼūl ʻalá ʻilm al-tawḥīd.</subfield></datafield><datafield tag="700" ind1="1" ind2="2"><subfield code="6">880-04</subfield><subfield code="a">Maḥallī, Ibrāhīm ibn Hibat Allāh,</subfield><subfield code="d">d. 1321.</subfield><subfield code="t">Sharḥ qaṣīdat Muthallath Quṭrub fī al-lughah al-ʻarabīyah.</subfield></datafield><datafield tag="773" ind1="0" ind2=" "><subfield code="a">Heyworth-Dunne Collection.</subfield></datafield><datafield tag="880" ind1="1" ind2=" "><subfield code="6">700-07/</subfield><subfield code="a">قطرب، محمد بن المستنير.</subfield><subfield code="t">مثلث.</subfield></datafield><datafield tag="880" ind1="0" ind2="2"><subfield code="6">700-05/</subfield><subfield code="a">ابو بكر بن محمد بن ابي بكر بن مالك.</subfield><subfield code="t">حجة المسؤول على علم التوحيد.</subfield></datafield><datafield tag="880" ind1="1" ind2="2"><subfield code="6">700-04/</subfield><subfield code="a">محلي، ابراهيم بن هبة الله.</subfield><subfield code="t">شرح قصيدة مثلث قطرب في اللغة العربية.</subfield></datafield><datafield tag="880" ind1="3" ind2="0"><subfield code="6">246-04/</subfield><subfield code="a">Mūqid al-adhhān wa-mūqiẓ al-wasnān</subfield></datafield><datafield tag="880" ind1="1" ind2="0"><subfield code="6">245-03/</subfield><subfield code="a">[كتاب موقد الاذهان وموقظ الوسنان ... الخ,</subfield><subfield code="f">القرن 18م؟].</subfield></datafield><datafield tag="880" ind1="1" ind2=" "><subfield code="6">100-01/</subfield><subfield code="a">ابن هشام، عبد الله بن يوسف.</subfield></datafield><datafield tag="CID" ind1=" " ind2=" "><subfield code="a">006832849</subfield></datafield><datafield tag="DAT" ind1="0" ind2=" "><subfield code="a">20190719102640.0</subfield><subfield code="b">20190719000000.0</subfield></datafield><datafield tag="DAT" ind1="1" ind2=" "><subfield code="a">20190719090653.0</subfield><subfield code="b">2019-07-19T16:12:23Z</subfield></datafield><datafield tag="DAT" ind1="2" ind2=" "><subfield code="a">2015-10-02T18:00:03Z</subfield></datafield><datafield tag="CAT" ind1=" " ind2=" "><subfield code="a">SDR-MIU</subfield><subfield code="d">EX LIBRIS - ALEPH</subfield><subfield code="l">prepare.pl-004-008</subfield></datafield><datafield tag="FMT" ind1=" " ind2=" "><subfield code="a">BK</subfield></datafield><datafield tag="HOL" ind1=" " ind2=" "><subfield code="0">sdr-miu006832849</subfield><subfield code="a">MiU</subfield><subfield code="b">SDR</subfield><subfield code="c">MIU</subfield><subfield code="p">mdp.39015079131416</subfield><subfield code="s">MIU</subfield><subfield code="1">006832849</subfield></datafield><datafield tag="974" ind1=" " ind2=" "><subfield code="b">MIU</subfield><subfield code="c">MIU</subfield><subfield code="d">20190719</subfield><subfield code="s">lit-dlps-dc</subfield><subfield code="u">mdp.39015079131416</subfield><subfield code="y">1799</subfield><subfield code="r">pd</subfield><subfield code="q">bib</subfield><subfield code="t">non-US bib date1 &lt; 1879</subfield></datafield></record></collection>